@InProceedings{brat,
  author    = {Stenetorp, Pontus  and  Pyysalo, Sampo  and  Topi\'{c}, Goran  and  Ohta, Tomoko  and  Ananiadou, Sophia  and  Tsujii, Jun'ichi},
  title     = {brat: a Web-based Tool for NLP-Assisted Text Annotation},
  booktitle = {Proceedings of EACL, Demos},
  year      = {2012},
  url       = {http://www.aclweb.org/anthology/E12-2021},
}
  note = {\url{http://brat.nlplab.org/}},

@InProceedings{uccaapp,
  author    = {Abend, Omri  and  Yerushalmi, Shai  and  Rappoport, Ari},
  title     = {UCCAApp: Web-application for Syntactic and Semantic Phrase-based Annotation},
  booktitle = {Proceedings of ACL, Demos},
  year      = {2017},
  url       = {http://aclweb.org/anthology/P17-4019},
}
  note = {\url{https://github.com/danielhers/ucca}},

@InProceedings{yedda,
  author = 	"Yang, Jie
		and Zhang, Yue
		and Li, Linwei
		and Li, Xingxuan",
  title = 	"YEDDA: A Lightweight Collaborative Text Span Annotation Tool",
  booktitle = "Proceedings of ACL, Demos",
  year = 	"2018",
  url = 	"http://aclweb.org/anthology/P18-4006"
}
  note = {\url{https://github.com/jiesutd/SUTDAnnotator}},

@InProceedings{wordfreak,
  author    = {Thomas Morton  and  Jeremy LaCivita},
  title     = {WordFreak: An Open Tool for Linguistic Annotation},
  booktitle = {Proceedings of NAACL, Demos},
  year      = {2003},
  url       = {http://aclweb.org/anthology/N03-4009},
}
  note = {\url{http://wordfreak.sourceforge.net/}},

@article{gate,
 URL = {http://www.jstor.org/stable/42636386},
 author = {Kalina Bontcheva and Hamish Cunningham and Ian Roberts and Angus Roberts and Valentin Tablan and Niraj Aswani and Genevieve Gorrell},
 journal = {Language Resources and Evaluation},
 title = {GATE Teamware: a web-based, collaborative text annotation framework},
 year = {2013},
}
 number = {4},
 pages = {1007--1029},
 publisher = {Springer},
 volume = {47},
 note = {\url{https://gate.ac.uk/}},

@InProceedings{knowtator,
  author    = {Ogren, Philip V.},
  title     = {Knowtator: A Prot\'{e}g\'{e} plug-in for annotated corpus construction},
  booktitle = {Proceedings of NAACL, Demos},
  year      = {2006},
  url       = {http://www.aclweb.org/anthology/N/N06/N06-4006},
}
  note = {\url{http://knowtator.sourceforge.net/}},

@Misc{stanford,
  author = {Miler Lee},
  title = {Annotator / Stanford Manual Annotation Tool},
  howpublished = {\url{http://nlp.stanford.edu/software/stanford-manual-annotation-tool-2004-05-16.tar.gz}},
  year = {2004},
  note = {Stanford University},
}

@InProceedings{anaphora,
  author    = {Rizov, Borislav  and  Dekova, Rositsa},
  title     = {Anaphora -- Clause Annotation and Alignment Tool.},
  booktitle = {Proceedings of EACL, Demos},
  year      = {2014},
  url       = {http://www.aclweb.org/anthology/E14-2018},
}

@InProceedings{wat-sl,
  author    = {Kiesel, Johannes  and  Wachsmuth, Henning  and  Al Khatib, Khalid  and  Stein, Benno},
  title     = {WAT-SL: A Customizable Web Annotation Tool for Segment Labeling},
  booktitle = {Proceedings of EACL, Demos},
  year      = {2017},
  url       = {http://aclweb.org/anthology/E17-3004},
}
  note      = {\url{https://github.com/webis-de/wat}},

@InProceedings{anafora,
  author    = {Chen, Wei-Te  and  Styler, Will},
  title     = {Anafora: A Web-based General Purpose Annotation Tool},
  booktitle = {Proceedings of NAACL, Demos},
  year      = {2013},
  url       = {http://www.aclweb.org/anthology/N13-3004},
}
  note = {\url{https://github.com/weitechen/anafora}},

@InProceedings{ehost,
  author    = {South, Brett  and  Shen, Shuying  and  Leng, Jianwei  and  Forbush, Tyler  and  DuVall, Scott  and  Chapman, Wendy},
  title     = {A Prototype Tool Set to Support Machine-Assisted Annotation},
  booktitle = {Proceedings of {BioNLP}},
  year      = {2012},
  url       = {http://www.aclweb.org/anthology/W12-2416},
}
  note = {\url{http://ehostdoc.com/}},

@InProceedings{sawt,
  author    = {Samih, Younes  and  Maier, Wolfgang  and  Kallmeyer, Laura},
  title     = {SAWT: Sequence Annotation Web Tool},
  booktitle = {Proceedings of the Second Workshop on Computational Approaches to Code Switching},
  year      = {2016},
  url       = {http://aclweb.org/anthology/W16-5808},
}

@InProceedings{graphanno,
  author    = {Volker Gast  and  Lennart Bierkandt  and  Christoph Rzymski},
  title     = {Creating and retrieving tense and aspect annotations with GraphAnno, a lightweight tool for multi-level annotation},
  booktitle = {Proceedings of the {ISA} Workshop},
  year      = {2015},
  url       = {http://aclweb.org/anthology/W/W15/W15-0203.pdf},
}
  note = {\url{https://github.com/LBierkandt/graph-anno}},

@InCollection{mmax,
  author = 	 {M{\"u}ller, Christoph and Strube, Michael},
  title = 	 {Multi-level annotation of linguistic data with {MMAX2}},
  booktitle = 	 {Corpus Technology and Language Pedagogy: New Resources, New Tools, New Methods},
  publisher =	 {Peter Lang},
  year =	 {2006},
  url = {http://mmax2.net/mmaxpaper.pdf},
}
  note = {\url{https://sourceforge.net/projects/mmax2/}},

@inproceedings{sync3,
    author = {Georgios Petasis},
    url = {http://www.lrec-conf.org/proceedings/lrec2012/pdf/700_Paper.pdf},
    title = {The SYNC3 Collaborative Annotation Tool},
    booktitle = {Proceedings of LREC},
    year = {2012},
}

@inproceedings{mate,
    author = {Amy Isard and David McKelvie and Andreas Mengely and Morten Baun Moller},
    url = {http://www.lrec-conf.org/proceedings/lrec2000/pdf/166.pdf},
    title = {The MATE workbench annotation tool, a technical description},
    booktitle = {Proceedings of LREC},
    year = {2000},
}

@InProceedings{chooser,
  author = {Svetla Koeva  and  Borislav Rizov  and  Svetlozara Leseva},
  title = {Chooser: a Multi-Task Annotation Tool},
  booktitle = {Proceedings of LREC},
  year = {2008},
  url = {http://www.lrec-conf.org/proceedings/lrec2008/pdf/186_paper.pdf},
}

@InProceedings{djangology,
  author = {Emilia Apostolova and Sean Neilan and Gary An and Noriko Tomuro and Steven Lytinen},
  title = {Djangology: A Light-weight Web-based Tool for Distributed Collaborative Text Annotation},
  booktitle = {Proceedings of LREC},
  year = {2010},
  url = {http://www.lrec-conf.org/proceedings/lrec2010/pdf/543_Paper.pdf},
}

@InProceedings{mae-mai,
  author    = {Stubbs, Amber},
  title     = {MAE and MAI: Lightweight Annotation and Adjudication Tools},
  booktitle = {Proceedings of LAW},
  year      = {2011},
  url       = {http://www.aclweb.org/anthology/W11-0416},
}
  note = {MAE: \url{https://github.com/amber-stubbs/mae-annotation}, MAI: \url{https://github.com/amber-stubbs/mai-adjudication}},

@InProceedings{brandeis,
  author = {Marc Verhagen},
  title = {The Brandeis Annotation Tool},
  booktitle = {Proceedings of LREC},
  year = {2010},
  url = {http://www.lrec-conf.org/proceedings/lrec2010/pdf/740_Paper.pdf},
}

@inproceedings{palinka,
  author = {Orasan, Constantin},
  title = {{PALinkA}: A highly customisable tool for discourse annotation },
  booktitle = {Proceedings of {SIGdial}},
  url = {http://www.aclweb.org/anthology/W03-2120},
  year = {2003},
}
  note = {\url{http://dinel.org.uk/projects/palinka/}},

@InProceedings{inforex,
  author = {Michal Marcinczuk and Jan Kocon and Bartosz Broda},
  title = {Inforex -- a web-based tool for text corpus management and semantic annotation},
  booktitle = {Proceedings of LREC},
  year = {2012},
  url = {http://www.lrec-conf.org/proceedings/lrec2012/pdf/446_Paper.pdf},
}
  note = {\url{https://inforex.clarin-pl.eu/index.php}},

@InProceedings{cat,
  author = {Valentina Bartalesi Lenzi and Giovanni Moretti and Rachele Sprugnoli},
  title = {CAT: the CELCT Annotation Tool},
  booktitle = {Proceedings of LREC},
  year = {2012},
  url = {http://www.lrec-conf.org/proceedings/lrec2012/pdf/216_Paper.pdf},
}
  note = {\url{https://dh.fbk.eu/resources/cat-content-annotation-tool}},

@InProceedings{webanno,
  author    = {Yimam, Seid Muhie  and  Gurevych, Iryna  and  Eckart de Castilho, Richard  and  Biemann, Chris},
  title     = {WebAnno: A Flexible, Web-based and Visually Supported System for Distributed Annotations},
  booktitle = {Proceedings of ACL, Demos},
  year      = {2013},
  url       = {http://www.aclweb.org/anthology/P13-4001},
}
  note = {\url{https://webanno.github.io/webanno/}},

@InProceedings{analec,
  author = {Frederic Landragin and Thierry Poibeau and Bernard Victorri},
  title = {ANALEC: a New Tool for the Dynamic Annotation of Textual Data},
  booktitle = {Proceedings of LREC},
  year = {2012},
  url = {http://www.lrec-conf.org/proceedings/lrec2012/pdf/638_Paper.pdf},
}
  note = {\url{http://www.lattice.cnrs.fr/Telecharger-Analec}},

@inproceedings{glozz,
  author = {Widl\"{o}cher, Antoine and Mathet, Yann},
  title = {The Glozz Platform: A Corpus Annotation and Mining Tool},
  booktitle = {Proceedings of the ACM Symposium on Document Engineering},
  year = {2012},
  url = {http://doi.acm.org/10.1145/2361354.2361394},
}
 note = {\url{http://www.glozz.org/}},

@Misc{folia,
  author = {Maarten van Gompel},
  title = {FoLiA Linguistic Annotation Tool},
  howpublished = {\url{https://github.com/proycon/flat}},
  year = {2017},
  note = {Radboud University Nijmegen},
}

@Misc{mitre,
  author = {Samuel Bayer},
  note = {The MITRE Corporation},
  title = {{MAT: The MITRE Annotation Toolkit}},
  howpublished = {\url{http://mat-annotation.sourceforge.net/}},
  year = {2017},
}

@InProceedings{cora,
  author    = {Bollmann, Marcel  and  Petran, Florian  and  Dipper, Stefanie  and  Krasselt, Julia},
  title     = {CorA: A web-based annotation tool for historical and other non-standard language data},
  booktitle = {Proceedings of the {LaTeCH} Workshop},
  year      = {2014},
  url       = {http://www.aclweb.org/anthology/W14-0612},
}
  note = {\url{https://github.com/comphist/cora}},

@InProceedings{uam,
  author    = {O'Donnell, Mick},
  title     = {Demonstration of the {UAM} {CorpusTool} for Text and Image Annotation},
  booktitle = {Proceedings of ACL, Demos},
  year      = {2008},
  url       = {http://www.aclweb.org/anthology/P/P08/P08-4004},
}
  note = {\url{http://www.corpustool.com/}},

@book{Shneiderman:1997,
  author = {Shneiderman, Ben},
  title = {Designing the User Interface: Strategies for Effective Human-Computer Interaction},
  year = {1997},
  isbn = {0201694972},
  edition = {3rd},
  publisher = {Addison-Wesley Longman Publishing Co., Inc.},
}

@book{Nielsen:1993,
  author = {Jakob Nielsen},
  title = {Usability Engineering},
  year = {1993},
  isbn = {978-0125184069},
  edition = {1st},
  publisher = {Morgan Kaufmann},
}

@InProceedings{www17forums,
  title     = {Tools for Automated Analysis of Cybercriminal Markets},
  author    = {Rebecca S. Portnoff  and  Sadia Afroz  and  Greg Durrett  and  Jonathan K. Kummerfeld  and  Taylor Berg-Kirkpatrick  and  Damon McCoy  and  Kirill Levchenko  and  Vern Paxson},
  booktitle = {Proceedings of WWW},
  year      = {2017},
  url       = {http://www.jkk.name/pub/www17forums.pdf},
}

@techreport{data-iso,
  type = {Standard},
  key = {ISO 24612:2012},
  year = {2012},
  title = {{Language resource management -- Linguistic annotation framework (LAF)}},
  institution = {International Organization for Standardization},
  url = {https://www.iso.org/standard/37326.html},
}

@InProceedings{acl19disentangle,
  author    = {Jonathan K. Kummerfeld and Sai R. Gouravajhala and Joseph Peper and Vignesh Athreya and Chulaka Gunasekara and Jatin Ganhotra and Siva Sankalp Patel and Lazaros Polymenakos and Walter S. Lasecki},
  title     = {A Large-Scale Corpus for Conversation Disentanglement},
  booktitle = {Proceedings of ACL},
  year      = {2019},
  url       = {https://aclweb.org/anthology/papers/P/P19/P19-1374/},
}

@InBook{unix,
  author = {Raymond, Eric S.},
  title = {Basics of the Unix Philosophy},
  booktitle = {The Art of Unix Programming},
  publisher = {Addison-Wesley Professional},
  isbn = {0-13-142901-9},
  year = {2003},
  url = {http://www.catb.org/~esr/writings/taoup/html/index.html},
}

@InProceedings{prior-slate0,
  author = {Dain Kaplan and Ryu Iida and Takenobu Tokunaga},
  title = {Annotation Process Management Revisited},
  booktitle = {Proceedings of LREC},
  year = {2010},
}

@Article{prior-slate1,
  author = {Dain Kaplan and Ryu Iida and Kikuko Nishina and Takenobu Tokunaga},
  title = {Slate - A Tool for Creating and Maintaining Annotated Corpora},
  journal = {JLCL},
  year = {2011},
}

